
@book{duderstadt_transport_1979,
	address = {New York},
	title = {Transport {Theory}},
	isbn = {0-471-04492-X},
	url = {http://hdl.handle.net/2027/mdp.39015040316401},
	language = {English},
	publisher = {Wiley},
	author = {Duderstadt, James J. and Martin, William R.},
	year = {1979},
	file = {Duderstadt+Martin_TransportTheory.pdf:/Users/khuff/Zotero/storage/7W7V49HT/Duderstadt+Martin_TransportTheory.pdf:application/pdf}
}

@book{stacey_nuclear_2007,
	title = {Nuclear reactor physics},
	url = {http://books.google.com/books?hl=en&lr=&id=9gLXk-LRvZwC&oi=fnd&pg=PR7&dq=weston+stacey+nuclear+reactor+physics+&ots=_JJwwiXXpM&sig=C-mg9oZfBC--2XWQBZ5SnSKdhBk},
	urldate = {2013-10-24},
	publisher = {Wiley. com},
	author = {Stacey, Weston M.},
	year = {2007},
	file = {Snapshot:/Users/khuff/Zotero/storage/8KGC5QUU/books.html:text/html;Stacey_Nuclear_2001.pdf:/Users/khuff/Zotero/storage/HSPVGIQM/Stacey_Nuclear_2001.pdf:application/pdf}
}

@book{bell_nuclear_1970,
	address = {New York},
	title = {Nuclear {Reactor} {Theory}},
	language = {English},
	publisher = {Van Nostrand Reinhold Company},
	author = {Bell, George I. and Glasstone, Samuel},
	year = {1970},
	file = {nuclear-reactor-theory.pdf:/Users/khuff/Zotero/storage/JA828Q3A/nuclear-reactor-theory.pdf:application/pdf}
}

@book{lewis_computational_1993,
	address = {La Grange Park, Ill},
	edition = {2nd edition},
	title = {Computational {Methods} of {Neutron} {Transport}},
	isbn = {978-0-89448-452-0},
	abstract = {Book by Elmer E. Lewis, Warren F. Miller Jr.},
	language = {English},
	publisher = {Amer Nuclear Society},
	author = {Lewis, Elmer E. and Jr, Warren F. Miller},
	month = jan,
	year = {1993}
}